<record><leader>00000cas a2200000 a 4500</leader><controlfield tag="001">12130277</controlfield><controlfield tag="008">850607d18881891ksuwr ne      0    0eng d</controlfield><datafield ind1=" " ind2=" " tag="010"><subfield code="a">sn 85030525 </subfield></datafield><datafield ind1=" " ind2=" " tag="040"><subfield code="a">KSH</subfield><subfield code="b">eng</subfield><subfield code="c">KSH</subfield><subfield code="d">NPT</subfield><subfield code="d">OCL</subfield><subfield code="d">OCLCQ</subfield></datafield><datafield ind1=" " ind2=" " tag="042"><subfield code="a">msc</subfield></datafield><datafield ind1="0" ind2="0" tag="245"><subfield code="a">Chanute weekly times.</subfield></datafield><datafield ind1=" " ind2=" " tag="260"><subfield code="a">Chanute, Kan. :</subfield><subfield code="b">Cyrus T. Nixon,</subfield><subfield code="c">1888-1891.</subfield></datafield><datafield ind1=" " ind2=" " tag="300"><subfield code="a">4 v. :</subfield><subfield code="b">ill. ;</subfield><subfield code="c">60 cm.</subfield></datafield><datafield ind1=" " ind2=" " tag="310"><subfield code="a">Weekly</subfield></datafield><datafield ind1="0" ind2=" " tag="362"><subfield code="a">Vol. 16, no. 38 (June 21, 1888)-v. 19, no. 15 (Jan. 9, 1891).</subfield></datafield><datafield ind1=" " ind2=" " tag="500"><subfield code="a">Published by Times Pub. Co., May 16, 1890-Jan. 9, 1891.</subfield></datafield><datafield ind1=" " ind2=" " tag="500"><subfield code="a">"Republican."</subfield></datafield><datafield ind1=" " ind2=" " tag="580"><subfield code="a">Issued also in daily edition called: Chanute daily times.</subfield></datafield><datafield ind1=" " ind2=" " tag="752"><subfield code="a">United States</subfield><subfield code="b">Kansas</subfield><subfield code="c">Neosho</subfield><subfield code="d">Chanute.</subfield></datafield><datafield ind1="1" ind2=" " tag="775"><subfield code="t">Chanute daily times</subfield><subfield code="w">(DLC)sn 85030564</subfield></datafield><datafield ind1="0" ind2="0" tag="780"><subfield code="t">Chanute times (Chanute, Kan. : 1872)</subfield><subfield code="w">(DLC)sn 84027605</subfield></datafield><datafield ind1="0" ind2="7" tag="785"><subfield code="t">Chanute vidette</subfield><subfield code="w">(DLC)sn 85030526</subfield></datafield><datafield ind1="0" ind2="7" tag="785"><subfield code="t">Chanute vidette-times</subfield><subfield code="w">(DLC)sn 85030527</subfield></datafield></record>